% Encoding: UTF8

@Article{greenwade93,
    Title   = {The Comprehensive Tex Archive Network (CTAN)},
    Author  = {George D. Greenwade},
    Year    = {1993},
    Journal = {TUGBoat},
    Volume  = {14},
    Number  = {3},
    Pages   = {342--351}
}

@Book{goossens93,
    Author    = {Michel Goossens and Frank Mittelbach and Alexander Samarin},
    Title     = {The LaTeX Companion},
    Year      = {1993},
    Publisher = {Addison-Wesley},
    Address   = {Reading, Massachusetts}
}


@Manual{isocdraft2005,
	Author    = {ISO/JTC1/SC22/WG14},
	Title     = {ISO/IEC 9899:1999 specification},
	Url       = {http://www.open-std.org/jtc1/sc22/wg14/www/docs/n1124.pdf},
	Year      = {2005},
	Pages     = {20},
	Note      = {pag. 20, \textsection 5.2.4.1},
	Urlday       = {22},
	Urlmonth     = {01},
	Urlyear      = {2013}
}

@Manual{avrlibc2012,
	Author    = {Atmel},
	Title     = {AVR libc v1.8.0},
	Url       = {http://savannah.nongnu.org/projects/avr-libc/},
	Year      = {2012},
	Note      = {pag. 27, hoofdstuk 5},
	Urlday       = {22},
	Urlmonth     = {01},
	Urlyear      = {2013}
}

%@book{nulllobur12,
%    author    = "Linda Null and Julia Lobur",
%    title     = "The Essentials of Computer Organization and Architecture",
%    edition   = "3",
%    year      = "2012",
%    publisher = "Jones \& Bartlett Learning",
%    address   = "Sudbury, Massachusetts",
%    pages     = "56--58"
%}

@Manual{atmega32doc2503,
	Author       = {Atmel},
	Title        = {Datasheet ATmega32(L)},
	URL          = {http://www.atmel.com/Images/doc2503.pdf},
	Year         = {2011},
	Pages        = {165, tabel 68},
	Urlday       = {26},
	Urlmonth     = {01},
	Urlyear      = {2015}
}

@Manual{natsem_dm74184_185,
	Author       = {National Semiconductor},
	Title        = {Datasheet DM74184/DM74185 BCD-to-Binary and Binary-to-BCD Converters},
	Url          = {http://www.utm.edu/staff/leeb/DM74185.pdf},
	Year         = {1989},
	Urlday       = {26},
	Urlmonth     = {01},
	Urlyear      = {2015}
}

@online{savannah7546,
	author       = {Joerg Wunsch},
	url          = {http://savannah.nongnu.org/task/?7546},
	urlday       = {16},
	urlmonth     = {11},
	urlyear      = {2015}
}

% https://books.google.nl/books?id=dwSfGQAACAAJ
@book{martin2009clean,
	title        = {Clean Code: A Handbook of Agile Software Craftsmanship},
	author       = {Martin, R.C.},
	isbn         = {9780132350884},
	series       = {Robert C. Martin series},
	year         = {2009},
	publisher    = {Prentice Hall}
}

@Manual{atmega32doc8155G,
	Author       = {Atmel},
	Title        = {Datasheet ATmega32(L)},
	Url          = {http://www.atmel.com/Images/Atmel-8155-8-bit-Microcontroller-AVR-ATmega32A_Datasheet.pdf},
	Year         = {2015},
	Month        = {10},
	%Note         = {pag. 165, tabel 68, benaderd 26-01-2013},
	urlday       = {27},
	urlmonth     = {12},
	urlyear      = {2015},
	pages        = {263},
	version      = {8155G}
}

@Manual{isocdraft2005_2,
	Author    = {ISO/JTC1/SC22/WG14},
	Title     = {ISO/IEC 9899:1999 specification},
	Url       = {http://www.open-std.org/jtc1/sc22/wg14/www/docs/n1124.pdf},
	Year      = {2005},
	Pages     = {21--23},
	Note      = {\textsection 5.2.4.2.1},
	Urlday       = {22},
	Urlmonth     = {01},
	Urlyear      = {2013}
}

@Manual{atmega32doc8453,
	Author       = {Atmel},
	Title        = {Atmel AVR4027: Tips and Tricks to Optimize Your C Code for 8-bit AVR Microcontrollers},
	Url          = {http://www.atmel.com/images/doc8453.pdf},
	Year         = {2011},
	Month        = {11},
	urlday       = {6},
	urlmonth     = {1},
	urlyear      = {2016}
}
